@article{bokhari2012cryptanalysis,
  title={Cryptanalysis techniques for stream cipher: a survey},
  author={Bokhari, Mohammad Ubaidullah and Alam, Shadab and Masoodi, Faheem Syeed},
  journal={International Journal of Computer Applications},
  volume={60},
  number={9},
  year={2012},
  publisher={Foundation of Computer Science}
}

@article{mangano1995genetic,
  title={Genetic Algorithms},
  author={Mangano, Salvatore},
  journal={Computer Design},
  year={1995}
}

@article{sindhuja2014symmetric,
  title={A symmetric key encryption technique using genetic algorithm},
  author={Sindhuja, K and Devi, S Pramela},
  journal={international journal of computer science and information technologies},
  volume={5},
  number={1},
  pages={414--416},
  year={2014}
}

@article{brownbridge2007decrypting,
  title={Decrypting Substitution Ciphers with Genetic Algorithms},
  author={Brownbridge, Jason},
  journal={Department of Computer Science. University of Cape Town},
  pages={12},
  year={2007}
}